@article{tukey1980we,
  title={We need both exploratory and confirmatory},
  author={Tukey, John W},
  journal={The American Statistician},
  volume={34},
  number={1},
  pages={23--25},
  year={1980},
  publisher={Taylor \& Francis}
}