@article{tukey1980we,
  title={We need both exploratory and confirmatory},
  author={Tukey, John W},
  journal={The American Statistician},
  volume={34},
  number={1},
  pages={23--25},
  year={1980},
  publisher={Taylor \& Francis}
}
@incollection{hearst_models_2009,
	edition = {1st},
	title = {Chapter 3 Models of the Information Seeking Process},
	url = {http://searchuserinterfaces.com/book/sui_ch3_models_of_information_seeking.html},
	booktitle = {Search User Interfaces},
	publisher = {Cambridge University Press},
	address={New York, {NY}, USA},
	author = {Hearst, Marti A.},
	pages = {64--90},
	month = sep,
	year = {2009}
},

@incollection{hearst_supporting_2009,
	edition = {1st},
	title = {Chapter 7 Supporting the Search Process},
	pages={157--173},
	address={New York, {NY}, USA},
	url = {http://searchuserinterfaces.com/book/sui_ch7_search_process_tools.html},
	booktitle = {Search User Interfaces},
	publisher = {Cambridge University Press},
	author = {Hearst, Marti A.},
	month = sep,
	year = {2009}
},
@inproceedings{oday_orienteering_1993,
	series = {{CHI} '93},
	title = {Orienteering in an information landscape: how information seekers get from here to there},
	isbn = {0-89791-575-5},
	shorttitle = {Orienteering in an information landscape},
	doi = {10.1145/169059.169365},
	booktitle = {Proc. {INTERACT} and {CHI} Conferences on Human Factors in Computing Systems},
	publisher = {Association for Computing Machinery},
	author = {{O'Day}, Vicki L and Jeffries, Robin},
	year = {1993},
	address = {Amsterdam, The Netherlands},
	note = {{ACM} {ID:} 169365},
	keywords = {collaborative work, design, evaluation/methodology},
},

@inproceedings{pirolli_sensemaking_2005,
	title = {The sensemaking process and leverage points for analyst technology as identified through cognitive task analysis},
	volume = {1},
	booktitle = {Proc. International Conference on Intelligence Analysis},
	author = {Pirolli, P. and Card, S.},
	year = {2005},
	address={MacLean, {VA}, {USA}},
	pages={2--4},
},
@inproceedings{russell_cost_1993,
	series = {{CHI} '93},
	title = {The cost structure of sensemaking},
	isbn = {0-89791-575-5},
	doi = {10.1145/169059.169209},
	booktitle = {Proc. {INTERACT} and {CHI} Conferences on Human Factors in Computing Systems},
	publisher = {Association for Computing Machinery},
	author = {Russell, Daniel M and Stefik, Mark J and Pirolli, Peter and Card, Stuart K},
	year = {1993},
	address={Amsterdam, The Netherlands},
	keywords = {algorithms, cost structure, data terminals and printers},
},
@incollection{jurafsky_chapter_2009,
	edition = {2nd},
	title = {Chapter 13 Syntactic Parsing},
	isbn = {9780131873216},
	booktitle = {Speech and language processing},
	publisher = {Pearson Prentice Hall},
	author = {Jurafsky, Dan and Martin, James H.},
	year = {2009},
	pages = {427 --- 459},
	address={Upper Saddle River, {NJ}, {USA}}
},
@inproceedings{klein_accurate_2003,
	series = {Association for Computational Linguistics '03},
	title = {Accurate unlexicalized parsing},
	url = {http://dx.doi.org/10.3115/1075096.1075150},
	doi = {http://dx.doi.org/10.3115/1075096.1075150},
	booktitle = {Proc. 41st annual meeting of the Association for Computational Linguistics},
	publisher = {Association for Computational Linguistics},
	author = {Klein, Dan and Manning, Christopher D},
	volume= {1},
	address = {Sapporo, Japan},
	pages={423--430},
	year = {2003},
	note = {{ACM} {ID:} 1075150},
}
@article{wattenberg_word_2008,
	title = {The word tree, an interactive visual concordance},
	volume = {14},
	number = {6},
	journal = {{IEEE} Transasctions on Visualization and Computer Graphics},
	author = {Wattenberg, Michael and Viegas, Fernanda B.},
	year = {2008},
	publisher = {{IEEE} Computer Society},
	keywords = {ngrams, text mining, visualization},
	pages = {1221--1228}
}

@inproceedings{russell_being_2006,
	title = {Being literate with large document collections: Observational studies and cost structure tradeoffs},
	volume = {3},
	shorttitle = {Being literate with large document collections},
	url = {http://ieeexplore.ieee.org/xpls/abs_all.jsp?arnumber=1579401},
	urldate = {2013-05-17},
	booktitle = {System Sciences, 2006. {HICSS'06.} Proceedings of the 39th Annual Hawaii International Conference on},
	author = {Russell, Daniel M. and Slaney, Malcolm and Qu, Yan and Houston, Mave},
	year = {2006},
	pages = {55–55},
	file = {[PDF] from purdue.edu:/Users/aditi/Library/Application Support/Zotero/Profiles/80tyuj7g.default/zotero/storage/UREX965R/Russell et al. - 2006 - Being literate with large document collections Ob.pdf:application/pdf;Snapshot:/Users/aditi/Library/Application Support/Zotero/Profiles/80tyuj7g.default/zotero/storage/Q2QDATG8/login.html:text/html}
}
@article{gibbs_building_2012,
	title = {Building Better Digital Humanities Tools},
	volume = {6},
	journal = {Digital Humanities Quarterly},
	shorttitle = {Building Better Digital Humanities Tools},
	url = {http://www.digitalhumanities.org/dhq/vol/6/2/000136/000136.html},
	number = {2},
	urldate = {2013-05-17},
	author = {Gibbs, Fred and Owens, Trevor},
	year = {2012},
	file = {DHQ Snapshot:/Users/aditi/Library/Application Support/Zotero/Profiles/80tyuj7g.default/zotero/storage/PXBAFQCP/000136.html:text/html}
}

@article{tukey,
	title = {Exploratory data analysis},
	volume = {231},
	url = {http://xa.yimg.com/kq/groups/16412409/1159714453/name/exploratorydataanalysis.pdf},
	urldate = {2013-05-17},
	journal = {Reading, {MA}},
	author = {Tukey, John W.},
	year = {1977},
	file = {[PDF] from yimg.com:/Users/aditi/Library/Application Support/Zotero/Profiles/80tyuj7g.default/zotero/storage/A7SIFXRZ/Tukey - 1977 - Exploratory data analysis.pdf:application/pdf}
}
@inproceedings{donn_query_1996,
	title = {Query previews in networked information systems},
	url = {http://ieeexplore.ieee.org/xpls/abs_all.jsp?arnumber=502522},
	urldate = {2013-05-17},
	booktitle = {Research and Technology Advances in Digital Libraries, 1996. {ADL'96.}, Proceedings of the Third Forum on},
	author = {Donn, K. and Plaisant, Catherine and Shneiderman, Ben},
	year = {1996},
	pages = {120–129},
	file = {[PDF] from umd.edu:/Users/aditi/Library/Application Support/Zotero/Profiles/80tyuj7g.default/zotero/storage/8ZN75KWP/Donn et al. - 1996 - Query previews in networked information systems.pdf:application/pdf;Snapshot:/Users/aditi/Library/Application Support/Zotero/Profiles/80tyuj7g.default/zotero/storage/WTV2SAZW/login.html:text/html}
}